@article{Kim2016,
  title        = {A new metric of absolute percentage error for intermittent demand forecasts},
  author       = {Sungil Kim and Heeyoung Kim},
  publisher    = {Elsevier {BV}},
  volume       = {32},
  number       = {3},
  pages        = {669--679},
  date         = {2016},
  journaltitle = {International Journal of Forecasting}
}
,
@article{Hyndman2006,
  title        = {Another look at measures of forecast accuracy},
  author       = {Rob J. Hyndman and Anne B. Koehler},
  publisher    = {Elsevier {BV}},
  volume       = {22},
  number       = {4},
  pages        = {679--688},
  date         = {2006},
  journaltitle = {International Journal of Forecasting}
}
,
@article{Makridakis1993,
  title        = {Accuracy measures: theoretical and practical concerns},
  author       = {Spyros Makridakis},
  publisher    = {Elsevier {BV}},
  volume       = {9},
  number       = {4},
  pages        = {527--529},
  date         = {1993},
  journaltitle = {International Journal of Forecasting}
}
,
@article{Elmore2001,
  title        = {Euclidean Distance as a Similarity Metric for Principal Component Analysis},
  author       = {Kimberly L. Elmore and Michael B. Richman},
  publisher    = {American Meteorological Society},
  volume       = {129},
  number       = {3},
  pages        = {540--549},
  date         = {2001},
  journaltitle = {Monthly Weather Review}
}
,
@article{Bellman1959,
  title        = {On adaptive control processes},
  author       = {R. Bellman and R. Kalaba},
  publisher    = {Institute of Electrical and Electronics Engineers ({IEEE})},
  volume       = {4},
  number       = {2},
  pages        = {1--9},
  date         = {1959},
  journaltitle = {{IRE} Transactions on Automatic Control}
}
,
@inproceedings{Kennedy2007,
  title        = {A New Statistical Measure of Signal Similarity},
  author       = {Hugh L. Kennedy},
  booktitle    = {2007 Information, Decision and Control},
  publisher    = {Institute of Electrical and Electronics Engineers ({IEEE})},
  date         = {2007}
}
,
@article{Flores1986,
  title        = {A pragmatic view of accuracy measurement in forecasting},
  author       = {Benito E. Flores},
  publisher    = {Elsevier {BV}},
  volume       = {14},
  number       = {2},
  pages        = {93--98},
  date         = {1986},
  journaltitle = {Omega}
}
,
@article{Dyer2001,
  title        = {Cubic-Spline Interpolation: Part 1},
  author       = {Stephen A. Dyer and Justin S. Dyer},
  publisher    = {Institute of Electrical and Electronics Engineers ({IEEE})},
  volume       = {4},
  number       = {1},
  pages        = {44--46},
  date         = {2001},
  journaltitle = {{IEEE} Instrumentation \& Measurement Magazine}
}
,
@article{Runge1901,
  title        = {Über empirische Funktionen und die Interpolation zwischen äquidistanten Ordinaten},
  author       = {Carl David Tolmé Runge},
  publisher    = {B. G. Teubner},
  volume       = {46},
  pages        = {224--243},
  date         = {1901},
  journaltitle = {Zeitschrift für Mathematik und Physik}
}
,
@article{Yaroslavsky1996,
  title        = {Signal sinc-interpolation: A fast computer algorithm},
  author       = {Leonid P. Yaroslavsky},
  publisher    = {Wiley},
  volume       = {4},
  number       = {4},
  pages        = {225--231},
  date         = {1996},
  journaltitle = {Bioimaging}
}
,
@inproceedings{Hussain2015,
  title        = {Interpolation of Discrete Time Signals Using Cubic Spline Function},
  author       = {Malik Zawwar Hussain and Misbah Irshad and Muhammad Sarfraz and Nousheen Zafar},
  booktitle    = {2015 19th International Conference on Information Visualisation},
  publisher    = {{IEEE}},
  date         = {2015}
}
,
@article{Shannon1949,
  title        = {Communication in the Presence of Noise},
  author       = {C.E. Shannon},
  publisher    = {Institute of Electrical and Electronics Engineers ({IEEE})},
  volume       = {37},
  number       = {1},
  pages        = {10--21},
  date         = {1949},
  journaltitle = {Proceedings of the {IRE}}
}
,
@article{Gray1998,
  title        = {Quantization},
  author       = {R.M. Gray and D.L. Neuhoff},
  publisher    = {Institute of Electrical and Electronics Engineers ({IEEE})},
  volume       = {44},
  number       = {6},
  pages        = {2325--2383},
  date         = {1998},
  journaltitle = {{IEEE} Transactions on Information Theory}
}
,
@article{Stickler1967,
  title        = {An upper bound on aliasing error},
  author       = {D.C. Stickler},
  publisher    = {Institute of Electrical and Electronics Engineers ({IEEE})},
  volume       = {55},
  number       = {3},
  pages        = {418--419},
  date         = {1967},
  journaltitle = {Proceedings of the {IEEE}}
}
,
@inproceedings{Kobayashi2000,
  title        = {Finite Aperture Time and Sampling Jitter Effects in Wideband Data Acquisition Systems},
  author       = {Haruo Kobayashi and Kensuke Kobayashi and Yuuich Takahashi and Kouhei Enomoto and Hideyuki Kogure and Yoshitaka Onaya and Masanao Morimura},
  booktitle    = {56th {ARFTG} Conference Digest},
  publisher    = {Institute of Electrical and Electronics Engineers ({IEEE})},
  date         = {2000}
}
,
@article{Harris1978,
  title        = {On the Use of Windows for Harmonic Analysis with the Discrete Fourier Transform},
  author       = {F. J. Harris},
  publisher    = {Institute of Electrical and Electronics Engineers ({IEEE})},
  volume       = {66},
  number       = {1},
  pages        = {51--83},
  date         = {1978},
  journaltitle = {Proceedings of the {IEEE}}
}
,
@article{Kisielowski2008,
  title        = {Detection of Single Atoms and Buried Defects in Three Dimensions by Aberration-Corrected Electron Microscope with 0.5-{\AA} Information Limit},
  author       = {C. Kisielowski and B. Freitag and M. Bischoff and H. van Lin and S. Lazar and G. Knippels and P. Tiemeijer and M. van der Stam and S. von Harrach and M. Stekelenburg and M. Haider and S. Uhlemann and H. Müller and P. Hartel and B. Kabius and D. Miller and I. Petrov and E.A. Olson and T. Donchev and E.A. Kenik and A.R. Lupini and J. Bentley and S.J. Pennycook and I.M. Anderson and A.M. Minor and A.K. Schmid and T. Duden and V. Radmilovic and Q.M. Ramasse and M. Watanabe and R. Erni and E.A. Stach and P. Denes and U. Dahmen},
  publisher    = {Cambridge University Press ({CUP})},
  volume       = {14},
  number       = {5},
  pages        = {469--477},
  date         = {2008},
  journaltitle = {Microscopy and Microanalysis}
}
,
@article{Bostanjoglo2000,
  title        = {Nanosecond electron microscopes},
  author       = {O. Bostanjoglo and R. Elschner and Z. Mao and T. Nink and M. Weingärtner},
  publisher    = {Elsevier {BV}},
  volume       = {81},
  number       = {3--4},
  pages        = {141--147},
  date         = {2000},
  journaltitle = {Ultramicroscopy}
}
,
@article{Doemer2003,
  title        = {High-speed transmission electron microscope},
  author       = {H. Dömer and O. Bostanjoglo},
  publisher    = {{AIP} Publishing},
  volume       = {74},
  number       = {10},
  pages        = {4369--4372},
  date         = {2003},
  journaltitle = {Review of Scientific Instruments}
}
,
@article{Feist2017,
  title        = {Ultrafast transmission electron microscopy using a laser-driven field emitter: Femtosecond resolution with a high coherence electron beam},
  author       = {Armin Feist and Nora Bach and Nara Rubiano da Silva and Thomas Danz and Marcel Möller and Katharina E. Priebe and Till Domröse and J. Gregor Gatzmann and Stefan Rost and Jakob Schauss and Stefanie Strauch and Reiner Bormann and Murat Sivis and Sascha Schäfer and Claus Ropers},
  publisher    = {Elsevier {BV}},
  volume       = {176},
  pages        = {63--73},
  date         = {2017},
  journaltitle = {Ultramicroscopy}
}
,
@article{Hassan2017,
  title        = {High-temporal-resolution electron microscopy for imaging ultrafast electron dynamics},
  author       = {Mohammed Th. Hassan and John S. Baskin and Bolin Liao and Ahmed H. Zewail},
  publisher    = {Springer Science and Business Media {LLC}},
  volume       = {11},
  number       = {7},
  pages        = {425--430},
  date         = {2017},
  journaltitle = {Nature Photonics}
}
,
@article{Zewail2010,
  title        = {Four-Dimensional Electron Microscopy},
  author       = {Ahmed H. Zewail},
  publisher    = {American Association for the Advancement of Science ({AAAS})},
  volume       = {328},
  number       = {5975},
  pages        = {187--193},
  date         = {2010},
  journaltitle = {Science}
}
,
@article{Niermann2017,
  title        = {Gated Interference for Time-Resolved Electron Holography},
  author       = {Tore Niermann and Michael Lehmann and Tolga Wagner},
  publisher    = {Elsevier {BV}},
  volume       = {182},
  pages        = {54--61},
  date         = {2017},
  journaltitle = {Ultramicroscopy}
}
,
@article{Wagner2019,
  title        = {Nanosecond electron holography by interference gating},
  author       = {Tolga Wagner and Tore Niermann and Felix Urban and Michael Lehmann},
  publisher    = {Elsevier {BV}},
  volume       = {206},
  date         = {2019},
  eid          = {112824},
  journaltitle = {Ultramicroscopy}
}
,
@article{Lehmann2002,
  title        = {Tutorial on Off-Axis Electron Holography},
  author       = {Michael Lehmann and Hannes Lichte},
  publisher    = {Cambridge University Press ({CUP})},
  volume       = {8},
  number       = {6},
  pages        = {447--466},
  date         = {2002},
  journaltitle = {Microscopy and Microanalysis}
}
,
@article{Lichte2007,
  title        = {Electron Holography A Basics and Applications},
  author       = {Hannes Lichte and Michael Lehmann},
  publisher    = {{IOP} Publishing},
  volume       = {71},
  number       = {1},
  date         = {2007},
  eid          = {016102},
  journaltitle = {Reports on Progress in Physics}
}
,
@article{Gabor1948,
  title        = {A New Microscopic Principle},
  author       = {Dennis Gabor},
  publisher    = {Springer Science and Business Media {LLC}},
  volume       = {161},
  number       = {4098},
  pages        = {777--778},
  date         = {1948},
  journaltitle = {Nature}
}
,
@article{Moellenstedt1956,
  title        = {Beobachtungen und Messungen an Biprisma-Interferenzen mit Elektronenwellen},
  author       = {G. Möllenstedt and H. Düker},
  publisher    = {Springer Science and Business Media {LLC}},
  volume       = {145},
  number       = {3},
  pages        = {377--397},
  date         = {1956},
  journaltitle = {Zeitschrift für Physik}
}
,
@article{Lehmann1994,
  title        = {Reconstruction of electron off-axis holograms: a new and fast alternative method},
  author       = {Michael Lehmann and Edgar Völkl and Friedrich Lenz},
  publisher    = {Elsevier {BV}},
  volume       = {54},
  number       = {2-4},
  pages        = {335--344},
  date         = {1994},
  journaltitle = {Ultramicroscopy}
}
,
@article{Voelkl1995,
  title        = {A software package for the processing and reconstruction of electron holograms},
  author       = {E. Völkl and L. F. Allard and B. Frost},
  publisher    = {Wiley},
  volume       = {180},
  number       = {1},
  pages        = {39--50},
  date         = {1995},
  journaltitle = {Journal of Microscopy}
}
,
@article{Stewart2006,
  title        = {On Overshoot and Nonminimum Phase Zeros},
  author       = {James Stewart and Daniel E. Davison},
  journal      = {{IEEE} Transactions on Automatic Control},
  publisher    = {Institute of Electrical and Electronics Engineers ({IEEE})},
  volume       = {51},
  number       = {8},
  pages        = {1378--1382},
  date         = {2006}
}
,
@article{Mueller2014,
  title        = {Femtosecond electrons probing currents and atomic structure in nanomaterials},
  author       = {Melanie Müller and Alexander Paarmann and Ralph Ernstorfer},
  publisher    = {Springer Science and Business Media {LLC}},
  volume       = {5},
  number       = {1},
  date         = {2014},
  eid          = {5292},
  journaltitle = {Nature Communications}
}
,
@article{Bothschafter2009,
  title        = {Collinear Generation of Ultrashort {UV} and {XUV} Pulses for Pump/probe Spectroscopy},
  author       = {Elisabeth Bothschafter and Agustin Schiffrin and Ferenc Krausz and Ralph Ernstorfer and Reinhard Kienberger},
  publisher    = {Springer Science and Business Media {LLC}},
  volume       = {1230},
  date         = {2009},
  eid          = {102},
  journaltitle = {{MRS} Proceedings}
}
,
@inproceedings{Wagner2018,
  title        = {Towards High-Frequency Electrical Specimen Stimulation for Time-Resolved Electron Microscopy},
  author       = {Tolga Wagner and Dirk Berger and Ines Häusler},
  booktitle    = {19th International Microscopy Congress (IMC19)},
  organization = {Australian Microscopy {\&} Microanalysis Society},
  date         = {2018}
}
,
@phdthesis{LehmannPhD1997,
  title        = {Numerical Reconstruction of the Aberration-Free Object Wave of Off-Axis Electron Holograms},
  author       = {Michael Lehmann},
  school       = {University of Tübingen},
  date         = {1997}
}
,
@phdthesis{BrogliePhD1924,
  title        = {Recherches sur la Théorie des Quanta},
  author       = {Louis-Victor Pierre Raymond de Broglie},
  school       = {University of Paris},
  date         = {1924}
}
,
@book{voelkl1999,
  title        = {Introduction to Electron Holography},
  author       = {Edgar Völkl},
  publisher    = {Springer},
  date         = {1999}
}
,
@book{rahman2011,
  title        = {Applications of Fourier Transforms to Generalized Functions},
  author       = {Matiur Rahman},
  publisher    = {WIT Press},
  date         = {2011}
}
,
@book{kaiser2011,
  title        = {A Friendly Guide to Wavelets},
  author       = {Gerald Kaiser},
  publisher    = {Birkhäuser},
  date         = {2011}
}
,
@book{ceschi2017,
  title        = {Fourier Analysis},
  author       = {Roger Ceschi and Jean-Luc Gautier},
  publisher    = {ISTE and John Wiley \& Sons},
  date         = {2017}
}
,
@book{engelberg2008,
  title        = {Digital Signal Processing : An Experimental Approach},
  author       = {Shlomo Engelberg},
  publisher    = {Springer},
  date         = {2008}
}
,
@book{carr2001,
  title        = {Secrets of RF Circuit Design},
  author       = {Joseph J. Carr},
  publisher    = {McGraw-Hill},
  date         = {2001}
}
